@article{Tobon:CMiH,
	author = "Teresita Betancur and John Escobar and Carlos Alberto Palacio Tobon",
	title = "Conceptual Models in Hydrogeology, Methology and Results",
	journal = "Hydrogeology journal",
	month = feb,
	year = "2012",
	pages = "205--210",
}

@misc{HC-Model,
	author = "Dr. Laura del Val Alonso",
	title = "Hydrogeological conceptual model",
	howpublished = "\url{https://www.gwp.org/globalassets/global/gwp-med-files/list-of-programmes/gef-drin-project/drin-docs/unesco_drin_session2.pdf}",
}

@article{Enemark:HCMBaT,
	author = "Trine Enemark and Luk J.M. Peeters and Dirk Mallants and Okke Batelaan",
	title = "Hydrogeological conceptual model building and testing: A review",
	journal = "Journal of Hydrology",
	volume = 56,
	issue = 8,
	month = feb,
	year = "2019",
	pages = "310--329",
}